@ARTICLE{LHCb1,
   author       = "Aaij {et al. (LHCb collaboration)}, R.",
   journal      = "Phys. Rev. Lett.",
   title        = "",
   year         = "2015",

   volume       = "115",
   pages        = "072001",
}

@ARTICLE{LHCb2,
   author       = "Aaij {et al. (LHCb collaboration)}, R.",
   journal      = "Phys. Rev. Lett.",
   title        = "",
   year         = "2016",

   volume       = "117",
   pages        = "082002",
}

@ARTICLE{Kubarovsky,
   author       = "V. Kubarovsky and M. B. Voloshin",
   journal      = "Phys. Rev. D",
   title        = "",
   year         = "2015",

   volume       = "92",
   pages        = "031502",
}

@ARTICLE{Karliner,
   author       = "M. Karliner and J. Rosner",
   journal      = "Phys. Lett. B",
   title        = "",
   year         = "2016",

   volume       = "752",
   pages        = "329",
}

@ARTICLE{Blin,
   author       = "A. Blin and C. {Fernandez - Ramirez} and A. Jackura and V. Mathieu and
V. Mokeev and A. Pilloni and A. Szczepaniak",
   journal      = "Phys. Rev. D",
   title        = "",
   year         = "2016",

   volume       = "94",
   pages        = "034002",
}

@ARTICLE{Brodsky,
   author       = "S.J. Brodsky and E. Chudakov and P. Hoyer and J.M. Laget",
   journal      = "Phys. Lett. B",
   title        = "",
   year         = "2001",

   volume       = "498",
   pages        = "23--28",
}

@ARTICLE{Cornell,
   author       = "B. Gittelman and K. M. Hanson and D. Larson and E. Loh and A. Silverman and G. Theodosiou",
   journal      = "Phys. Rev. Lett.",
   title        = "",
   year         = "1975",

   volume       = "35",
   pages        = "1616",
}

@ARTICLE{SLAC,
   author       = "U. Camerini and J.G. Learned and R. Prepost and C.M. Spencer and D.E. Wiser and W.W. Ash and R. L. Anderson and D. M. Ritson and D.J. Sherden and C. K. Sinclair",
   journal      = "Phys. Rev. Lett.",
   title        = "",
   year         = "1975",

   volume       = "35",
   pages        = "483",
}

@ARTICLE{strikman,
   author       = "L. Frankfurt and M. Strikman",
   journal      = "Phys. Rev. D",
   title        = "",
   year         = "2002",

   volume       = "66",
   pages        = "031502",
}

@ARTICLE{Sibirtsev,
   author       = "A. Sibirtsev and S. Krewald and A.W. Thomas",
   journal      = "J. Phys. G",
   title        = "",
   year         = "2004",

   volume       = "30",
   pages        = "1427",
}

@ARTICLE{Sibirtsev2,
   author       = "A. Sibitsev and S. Krewald and A.W. Thomas",
   journal      = "nucl-th/0310021",
   title        = "",
   year         = "2003",

   volume       = "",
   pages        = "",
}

@ARTICLE{Berger,
   author       = "E.R. Berger and M. Diehl and B. Pire",
   journal      = "Eur.Phys.J.C",
   title        = "",
   year         = "2002",

   volume       = "23",
   pages        = "675-689",
}

@ARTICLE{Jones,
   author       = "Richard Jones ",
   journal      = "private communication",
   title        = "",
   year         = "2018",

   volume       = "",
   pages        = "",
}

@ARTICLE{Rafo,
   author       = "Rafayel Paremuzyan",
   journal      = "private communication",
   title        = "",
   year         = "2017",

   volume       = "",
   pages        = "",
}

@ARTICLE{Ballam,
   author       = "J.  Ballam and G.B. Chadwick and Y. Eisenberg and E. Kogan and K.C. Moffeit and P. Seyboth and I.O. Skillicorn and H. Spitzer and G. Wolf",
   journal      = "Eur.Phys.J.C",
   title        = "",
   year         = "1973",

   volume       = "23",
   pages        = "675-689",
}

@ARTICLE{FNAL,
   author       = "M. Binkley and C. Bohler and  J. Butler and J. Cumalat and I. Gaines and M. Gormley and D. Harding and R.L. Loveless and J. Peoples",
   journal      = "Phys. Rev. Lett.",
   title        = "",
   year         = "1982",

   volume       = "48",
   pages        = "73",
}

@ARTICLE{Kharzeev,
   author       = "D. Kharzeev and H. Satz and A. Syamtomov and G. Zinovev ",
   journal      = "Nucl.Phys. A",
   title        = "",
   year         = "1999",

   volume       = "661",
   pages        = "568-572",
}

@ARTICLE{Amy,
  author        ="Amy Schertz",
  journal      = "private communication",
  title        = "",
  year         = "2019",

  volume       = "",
  pages        = "",
}

@ARTICLE{Marie,
  author        ="Marie Boer",
  journal      = "private communication and report on the meeting",
  title        = "",
  year         = "2019",

  volume       = "",
  pages        = "",
}

@ARTICLE{Vanderhaeghen,
   author       = "M Heller and O. Tomalak and M. Vanderhaeghen",
   journal      = "Phys. Rev. D",
   title        = "",
   year         = "2018",

   volume       = "97",
   pages        = "076012",
}

@ARTICLE{Hatta,
   author       = "Yoshitaka Hatta and Di-Lun Yang",
   journal      = "Phys. Rev. D",
   title        = "",
   year         = "2018",

   volume       = "98",
   pages        = "074003",
}

@ARTICLE{Shanahan,
   author       = "P. E. Shanahan and W. Detmold",
   journal      = "https://arxiv.org/pdf/1810.04626.pdf",
   title        = "",
   year         = "2018",

   volume       = "",
   pages        = "",
}

@ARTICLE{Ji,
   author       = "Xiangdong Ji",
   journal      = "Phys. Rev. Lett.",
   title        = "",
   year         = "1997",

   volume       = "78",
   pages        = "610",
}

@ARTICLE{PHOTOS,
   author       = "Barberio {et al. }, E. ",
   journal      = "Comput.Phys.Commun.",
   title        = "PHOTOS, Version:  2.15",
   year         = "1994",

   volume       = "79",
   pages        = "291-308 CERN-TH-7033-93",
}

@ARTICLE{vincent,
  author        ="Vincent Mathieu",
  journal      = "private communication",
  title        = "",
  year         = "2018",

  volume       = "",
  pages        = "",
}

@ARTICLE{pdg,
   author       = "M Heller and O. Tomalak and M. Vanderhaeghen",
   author       = "Tanabashi {et al. (Particle Data Group)}, M.",
   journal      = "Phys. Rev. D",
   title        = "",
   year         = "2018",

   volume       = "98",
   pages        = "030001",
}

@ARTICLE{LHCb3,
   author       = "R. Aaij and others",
   journal      = "LHCb-PAPER-2019-014 CERN-EP-2019-058, arXiv:1904.03947",
   title        = "",
   year         = "2019",

   volume       = "",
   pages        = "",
}

@ARTICLE{anotes17,
  author        ="E. Chudakov and S.Dobbs and L. Pentchev",
  journal      = "https://halldweb.jlab.org/doc-private/DocDB/ShowDocument?docid=3817",
  title        = "First measurement of near threshold J/$\psi $ photoproduction (Analysis Note)",
  year         = "2019",

  volume       = "",
  pages        = "",
}

@ARTICLE{prl_gluex,
   author       = "Ali {et al. (GlueX collaboration)}, A.",
   journal      = "Phys. Rev. Lett.",
   title        = "",
   year         = "2019",

   volume       = "123",
   pages        = "072001",
}

@article{Titov,
  title = {Differential cross section of $\mathbit{\ensuremath{\phi}}$-meson photoproduction at threshold},
  author = {Titov, A. I. and Nakano, T. and Dat\'e, S. and Ohashi, Y.},
  journal = {Phys. Rev. C},
  volume = {76},
  issue = {4},
  pages = {048202},
  numpages = {3},
  year = {2007},
  month = {Oct},
  publisher = {American Physical Society},
  doi = {10.1103/PhysRevC.76.048202},
  url = {https://link.aps.org/doi/10.1103/PhysRevC.76.048202}
}

@article{Strakovsky_jpsi,
  title = {$J/\ensuremath{\psi}\phantom{\rule{4pt}{0ex}}p$ scattering length from GlueX threshold measurements},
  author = {Strakovsky, Igor I. and Epifanov, Denis and Pentchev, Lubomir},
  journal = {Phys. Rev. C},
  volume = {101},
  issue = {4},
  pages = {042201},
  numpages = {4},
  year = {2020},
  month = {Apr},
  publisher = {American Physical Society},
  doi = {10.1103/PhysRevC.101.042201},
  url = {https://link.aps.org/doi/10.1103/PhysRevC.101.042201}
}

@article{Strakovsky_phi,
  title = {Comparative analysis of $\ensuremath{\omega}p$, $\ensuremath{\phi}p$, and $J/\ensuremath{\psi}p$ scattering lengths from A2, CLAS, and GlueX threshold measurements},
  author = {Strakovsky, Igor I. and Pentchev, Lubomir and Titov, Alexander I.},
  journal = {Phys. Rev. C},
  volume = {101},
  issue = {4},
  pages = {045201},
  numpages = {4},
  year = {2020},
  month = {Apr},
  publisher = {American Physical Society},
  doi = {10.1103/PhysRevC.101.045201},
  url = {https://link.aps.org/doi/10.1103/PhysRevC.101.045201}
}
@article{Vanderhaeghen_jpsi,
  title = {Accessing the real part of the forward $J/\ensuremath{\psi}\ensuremath{-}p$ scattering amplitude from $J/\ensuremath{\psi}$ photoproduction on protons around threshold},
  author = {Gryniuk, Oleksii and Vanderhaeghen, Marc},
  journal = {Phys. Rev. D},
  volume = {94},
  issue = {7},
  pages = {074001},
  numpages = {9},
  year = {2016},
  month = {Oct},
  publisher = {American Physical Society},
  doi = {10.1103/PhysRevD.94.074001},
  url = {https://link.aps.org/doi/10.1103/PhysRevD.94.074001}
}

@misc{Vanderhaeghen_upsilon,
    title={$?$ photo-production on the proton at the Electron-Ion Collider},
    author={Oleksii Gryniuk and Sylvester Joosten and Zein-Eddine Meziani and Marc Vanderhaeghen},
    year={2020},
    eprint={2005.09293},
    archivePrefix={arXiv},
    primaryClass={hep-ph}
}

@article{NIM_GEM_TRD,
title = {A new Transition Radiation detector based on GEM technology},
journal = {Nuclear Instruments and Methods in Physics Research Section A: Accelerators, Spectrometers, Detectors and Associated Equipment},
volume = {942},
pages = {162356},
year = {2019},
issn = {0168-9002},
doi = {https://doi.org/10.1016/j.nima.2019.162356},
url = {https://www.sciencedirect.com/science/article/pii/S0168900219309337},
author = {F. Barbosa and H. Fenker and S. Furletov and Y. Furletova and K. Gnanvo and N. Liyanage and L. Pentchev and M. Posik and C. Stanislav and B. Surrow and B. Zihlmann}
}

@article{sauli,
  title={The gas electron multiplier (GEM): Operating principles and applications},
  author={Sauli, Fabio},
  journal={Nuclear Instruments and Methods in Physics Research Section A: Accelerators, Spectrometers, Detectors and Associated Equipment},
  volume={805},
  pages={2--24},
  year={2016},
  publisher={Elsevier}
}

@inproceedings{fADC125,
  title="A 72 channel 125 MSPS analog-to-digital converter module for drift chamber readout for the GlueX detector",
  author="Visser, Gerard and Abbot, David and Barbosa, Fernando and Cuevas, Chris and Dong, Hai and Jastrzembski, Ed and Moffit, Bryan and Raydo, Ben",
  booktitle="IEEE Nuclear Science Symposuim \& Medical Imaging Conference",
  pages="777--781",
  year="2010",
  organization="IEEE"
}

@ARTICLE{GASII,
  author        ="F. Babosa",
  journal      = "https://halldweb.jlab.org/doc-private/DocDB/ShowDocument?docid=1364 The GAS-II/GPC-II GlueX Preamp Card Preliminary Test Results",
  year         = "2009",

  volume       = "",
  pages        = "",
}

@ARTICLE{JP007,
  author        ="S. Joosten",
  journal      = "Talk at 9th Workshop of the APS Topical Group on Hadronic Phtsics",
  year         = "2021",

  volume       = "",
  pages        = "",
}

